<?xml version="1.0" encoding="UTF-8"?><collection xmlns="http://www.loc.gov/MARC21/slim"><record><leader>00440nam--2200169-i-4500</leader><controlfield tag="001">000020811</controlfield><controlfield tag="002">20161230</controlfield><controlfield tag="005">20161230201033</controlfield><controlfield tag="008">060222s1000------------r-----000-0-eng-d</controlfield><datafield ind1=" " ind2=" " tag="020"><subfield code="a">0-89871-</subfield></datafield><datafield ind1=" " ind2=" " tag="040"><subfield code="a">IFIN-HH</subfield></datafield><datafield ind1=" " ind2=" " tag="080"><subfield code="a">518.12:519.6</subfield></datafield><datafield ind1=" " ind2=" " tag="100"><subfield code="a">Higham, Nicolas J</subfield></datafield><datafield ind1=" " ind2=" " tag="245"><subfield code="a">Accuracy and stability of numerical algorithms</subfield></datafield><datafield ind1=" " ind2=" " tag="260"><subfield code="a">PHILADELPHIA, SIAM, 1996. 688 p</subfield></datafield><datafield ind1=" " ind2=" " tag="852"><subfield code="a">80802</subfield><subfield code="c">518.12</subfield></datafield><datafield ind1=" " ind2=" " tag="CAT"><subfield code="a">Sys</subfield><subfield code="c">20090706</subfield><subfield code="h">065945</subfield></datafield></record></collection>